@inproceedings{miller2010using,
  title={Using domain specific language for modeling and simulation: Scalation as a case study},
  author={Miller, John A and Han, Jun and Hybinette, Maria},
  booktitle={Simulation Conference (WSC), Proceedings of the 2010 Winter},
  pages={741--752},
  year={2010},
  organization={IEEE}
}

@article{huet1997zipper,
  title={The zipper},
  author={Huet, G{\'e}rard},
  journal={Journal of functional programming},
  volume={7},
  number={5},
  pages={549--554},
  year={1997},
  publisher={Cambridge University Press}
}

@article{wadler1998expression,
  title={The expression problem},
  author={Wadler, Philip},
  journal={Java-genericity mailing list},
  year={1998}
}

@inproceedings{chen2017typesafe,
 author = {Chen, Tongfei},
 title = {Typesafe Abstractions for Tensor Operations (Short Paper)},
 booktitle = {Proceedings of the 8th ACM SIGPLAN International Symposium on Scala},
 series = {SCALA 2017},
 year = {2017},
 pages = {45--50},
 url = {http://doi.acm.org/10.1145/3136000.3136001},
 doi = {10.1145/3136000.3136001}
}

@incollection{bird1987introduction,
  title={An introduction to the theory of lists},
  author={Bird, Richard S},
  booktitle={Logic of programming and calculi of discrete design},
  pages={5--42},
  year={1987},
  publisher={Springer}
}
